<record><leader>02818pam a2200409 i 4500</leader><controlfield tag="001">6808173</controlfield><controlfield tag="003">OCoLC</controlfield><controlfield tag="005">20150204145336.0</controlfield><controlfield tag="008">140605s2015    nyua     b    001 0 eng c</controlfield><datafield ind1=" " ind2=" " tag="010"><subfield code="a">  2014022145</subfield></datafield><datafield ind1=" " ind2=" " tag="020"><subfield code="a">0801453135</subfield></datafield><datafield ind1=" " ind2=" " tag="020"><subfield code="a">9780801453137</subfield></datafield><datafield ind1=" " ind2=" " tag="035"><subfield code="a">ocn881318347</subfield></datafield><datafield ind1=" " ind2=" " tag="040"><subfield code="a">NIC/DLC</subfield><subfield code="b">eng</subfield><subfield code="e">rda</subfield><subfield code="c">COO</subfield><subfield code="d">DLC</subfield><subfield code="d">OCLCO</subfield><subfield code="d">OCLCF</subfield><subfield code="d">YDXCP</subfield><subfield code="d">BTCTA</subfield><subfield code="d">BDX</subfield><subfield code="d">VTU</subfield><subfield code="d">UAB</subfield><subfield code="d">AEU</subfield><subfield code="d">ACHCU</subfield></datafield><datafield ind1=" " ind2=" " tag="042"><subfield code="a">pcc</subfield></datafield><datafield ind1=" " ind2=" " tag="043"><subfield code="a">e-ie---</subfield></datafield><datafield ind1="0" ind2="0" tag="050"><subfield code="a">BR794</subfield><subfield code="b">.C35 2015</subfield></datafield><datafield ind1="0" ind2="0" tag="082"><subfield code="a">282/.41509023</subfield><subfield code="2">23</subfield></datafield><datafield ind1=" " ind2=" " tag="090"><subfield code="a">BR 794 C35 2015</subfield><subfield code="b">ACHCU</subfield></datafield><datafield ind1=" " ind2=" " tag="090"><subfield code="a">BR 794 C35 2015</subfield><subfield code="b">AEU</subfield></datafield><datafield ind1="1" ind2=" " tag="100"><subfield code="a">Callan, Maeve Brigid,</subfield><subfield code="d">1970-</subfield><subfield code="e">author.</subfield></datafield><datafield ind1="1" ind2="4" tag="245"><subfield code="a">The Templars, the witch, and the wild Irish :</subfield><subfield code="b">vengeance and heresy in medieval Ireland /</subfield><subfield code="c">Maeve Brigid Callan.</subfield></datafield><datafield ind1=" " ind2="1" tag="264"><subfield code="a">Ithaca, New York :</subfield><subfield code="b">Cornell University Press,</subfield><subfield code="c">2015.</subfield></datafield><datafield ind1=" " ind2=" " tag="300"><subfield code="a">xxi, 280 pages :</subfield><subfield code="b">illustrations ;</subfield><subfield code="c">25 cm</subfield></datafield><datafield ind1=" " ind2=" " tag="336"><subfield code="a">text</subfield><subfield code="2">rdacontent</subfield></datafield><datafield ind1=" " ind2=" " tag="337"><subfield code="a">unmediated</subfield><subfield code="2">rdamedia</subfield></datafield><datafield ind1=" " ind2=" " tag="338"><subfield code="a">volume</subfield><subfield code="2">rdacarrier</subfield></datafield><datafield ind1=" " ind2=" " tag="504"><subfield code="a">Includes bibliographical references and index.</subfield></datafield><datafield ind1="0" ind2=" " tag="505"><subfield code="a">Heresy hunting begins in Ireland : the trial of the Templars and the case against Philip de Braybrook -- The dawn of the devil-worshipping witch -- The churlish tramp from England : Richard de Ledrede tries the Alice Kyteler case -- Moments of lucidity dedicated to malice : Ledrede's continuing conflicts in the colony -- The heresy of being Irish : Adducc Dubh O'Toole and two MacConmaras.</subfield></datafield><datafield ind1=" " ind2=" " tag="520"><subfield code="a">"Early medieval Ireland is remembered as the "Land of Saints and Scholars," due to the distinctive devotion to Christian faith and learning that permeated its culture. As early as the seventh century, however, questions were raised about Irish orthodoxy, primarily concerning Easter observances. Yet heresy trials did not occur in Ireland until significantly later, long after allegations of Irish apostasy from Christianity had sanctioned the English invasion of Ireland. In The Templars, the Witch, and the Wild Irish, Maeve Brigid Callan analyzes Ireland's medieval heresy trials, which all occurred in the volatile fourteenth century. These include the celebrated case of Alice Kyteler and her associates, prosecuted by Richard de Ledrede, bishop of Ossory, in 1324. This trial marks the dawn of the "devil-worshipping witch" in European prosecutions, with Ireland an unexpected birthplace"--</subfield><subfield code="c">Publisher's Web site.</subfield></datafield><datafield ind1=" " ind2=" " tag="596"><subfield code="a">16 23</subfield></datafield><datafield ind1=" " ind2="0" tag="650"><subfield code="a">Trials (Heresy)</subfield><subfield code="z">Ireland</subfield><subfield code="x">History</subfield><subfield code="y">To 1500.</subfield></datafield><datafield ind1=" " ind2="0" tag="650"><subfield code="a">Trials (Witchcraft)</subfield><subfield code="z">Ireland</subfield><subfield code="x">History</subfield><subfield code="y">To 1500.</subfield></datafield><datafield ind1=" " ind2="0" tag="651"><subfield code="a">Ireland</subfield><subfield code="x">Church history</subfield><subfield code="y">600-1500.</subfield></datafield><datafield ind1=" " ind2=" " tag="949"><subfield code="a">BR 794 C35 2015</subfield><subfield code="h">UAAU-B</subfield><subfield code="i">0162035241635</subfield></datafield><datafield ind1=" " ind2=" " tag="926"><subfield code="a">BR 794 C35 2015</subfield><subfield code="w">LC</subfield><subfield code="c">1</subfield><subfield code="i">0162034578912</subfield><subfield code="l">ON_SHELF</subfield><subfield code="m">UAAUG</subfield><subfield code="p">$150.00</subfield><subfield code="r">Y</subfield><subfield code="s">Y</subfield><subfield code="t">BOOK</subfield><subfield code="u">2/19/2015</subfield></datafield><datafield ind1=" " ind2=" " tag="926"><subfield code="a">BR 794 C35 2015</subfield><subfield code="w">LC</subfield><subfield code="c">1</subfield><subfield code="i">32860001071959</subfield><subfield code="l">ON_SHELF</subfield><subfield code="m">BURMAN</subfield><subfield code="r">Y</subfield><subfield code="s">Y</subfield><subfield code="t">BOOK</subfield><subfield code="u">8/26/2015</subfield></datafield></record>